<?xml version="1.0"?>
<marc:collection xmlns:marc="http://www.loc.gov/MARC21/slim" xmlns:xsi="http://www.w3.org/2001/XMLSchema-instance" xsi:schemaLocation="http://www.loc.gov/MARC21/slim http://www.loc.gov/standards/marcxml/schema/MARC21slim.xsd">
   <marc:record type="Bibliographic">
      <marc:leader>02022cam a2200457 a 4500</marc:leader>
      <marc:controlfield tag="001">439050</marc:controlfield>
      <marc:controlfield tag="003">NjP</marc:controlfield>
      <marc:controlfield tag="005">20120718121139.0</marc:controlfield>
      <marc:controlfield tag="008">880418s1983    ir       b    001 0dara d</marc:controlfield>
      <marc:datafield tag="024" ind1="7" ind2=" ">
         <marc:subfield code="a">princeton_aco000041</marc:subfield>
         <marc:subfield code="2">local</marc:subfield>
      </marc:datafield>
      <marc:datafield tag="035" ind1=" " ind2=" ">
         <marc:subfield code="a">(OCoLC)25606522</marc:subfield>
      </marc:datafield>
      <marc:datafield tag="035" ind1=" " ind2=" ">
         <marc:subfield code="a">(OCoLC)ocn175954915</marc:subfield>
      </marc:datafield>
      <marc:datafield tag="035" ind1=" " ind2=" ">
         <marc:subfield code="a">(OCoLC)175954915</marc:subfield>
      </marc:datafield>
      <marc:datafield tag="035" ind1=" " ind2=" ">
         <marc:subfield code="a">(CStRLIN)NJPG88-B20186</marc:subfield>
      </marc:datafield>
      <marc:datafield tag="035" ind1=" " ind2=" ">
         <marc:subfield code="9">ACB4663TS</marc:subfield>
      </marc:datafield>
      <marc:datafield tag="035" ind1=" " ind2=" ">
         <marc:subfield code="a">(NjP)439050</marc:subfield>
      </marc:datafield>
      <marc:datafield tag="040" ind1=" " ind2=" ">
         <marc:subfield code="a">NjP</marc:subfield>
         <marc:subfield code="c">PUL</marc:subfield>
         <marc:subfield code="d">PUL</marc:subfield>
      </marc:datafield>
      <marc:datafield tag="049" ind1=" " ind2=" ">
         <marc:subfield code="a">PULL</marc:subfield>
      </marc:datafield>
      <marc:datafield tag="079" ind1=" " ind2=" ">
         <marc:subfield code="a">ocm25606522</marc:subfield>
      </marc:datafield>
      <marc:datafield tag="100" ind1="1" ind2=" ">
         <marc:subfield code="6">880-01</marc:subfield>
         <marc:subfield code="a">Turjuma&#x304;n, &#x2BB;Abba&#x304;s.</marc:subfield>
      </marc:datafield>
      <marc:datafield tag="245" ind1="1" ind2="0">
         <marc:subfield code="6">880-02</marc:subfield>
         <marc:subfield code="a">Ma&#x2BB;a&#x304;ni&#x304; h&#x323;uru&#x304;f al-ma&#x2BB;a&#x304;ni&#x304; &#x2BB;inda Ibn Hisha&#x304;m wa-al-Rumma&#x304;ni&#x304; :</marc:subfield>
         <marc:subfield code="b">bah&#x323;th muqa&#x304;ran /</marc:subfield>
         <marc:subfield code="c">bi-qalam &#x2BB;Abba&#x304;s al-Turjuma&#x304;n.</marc:subfield>
      </marc:datafield>
      <marc:datafield tag="250" ind1=" " ind2=" ">
         <marc:subfield code="6">880-03</marc:subfield>
         <marc:subfield code="a">al-T&#x323;ab&#x2BB;ah 1.</marc:subfield>
      </marc:datafield>
      <marc:datafield tag="260" ind1=" " ind2=" ">
         <marc:subfield code="6">880-04</marc:subfield>
         <marc:subfield code="a">T&#x323;ihra&#x304;n :</marc:subfield>
         <marc:subfield code="b">Mu&#x2BC;assasat al-A&#x2BB;lami&#x304;,</marc:subfield>
         <marc:subfield code="c">1404 [1983 or 1984]</marc:subfield>
      </marc:datafield>
      <marc:datafield tag="300" ind1=" " ind2=" ">
         <marc:subfield code="a">232 p. ;</marc:subfield>
         <marc:subfield code="c">24 cm.</marc:subfield>
      </marc:datafield>
      <marc:datafield tag="504" ind1=" " ind2=" ">
         <marc:subfield code="a">Includes bibliographical references (p. 228-229) and indexes.</marc:subfield>
      </marc:datafield>
      <marc:datafield tag="600" ind1="1" ind2="0">
         <marc:subfield code="6">880-05</marc:subfield>
         <marc:subfield code="a">Ibn Hisha&#x304;m, &#x2BB;Abd Alla&#x304;h ibn Yu&#x304;suf,</marc:subfield>
         <marc:subfield code="d">1309-1360.</marc:subfield>
      </marc:datafield>
      <marc:datafield tag="600" ind1="1" ind2="0">
         <marc:subfield code="6">880-06</marc:subfield>
         <marc:subfield code="a">Rumma&#x304;ni&#x304;, &#x2BB;Ali&#x304; ibn &#x2BB;I&#x304;sa&#x301;,</marc:subfield>
         <marc:subfield code="d">d. 994.</marc:subfield>
      </marc:datafield>
      <marc:datafield tag="650" ind1=" " ind2="0">
         <marc:subfield code="a">Arabic language</marc:subfield>
         <marc:subfield code="x">Grammar.</marc:subfield>
      </marc:datafield>
      <marc:datafield tag="700" ind1="1" ind2=" ">
         <marc:subfield code="6">880-07</marc:subfield>
         <marc:subfield code="a">Ibn Hisha&#x304;m, &#x2BB;Abd Alla&#x304;h ibn Yu&#x304;suf,</marc:subfield>
         <marc:subfield code="d">1309-1360.</marc:subfield>
      </marc:datafield>
      <marc:datafield tag="700" ind1="1" ind2=" ">
         <marc:subfield code="6">880-08</marc:subfield>
         <marc:subfield code="a">Rumma&#x304;ni&#x304;, &#x2BB;Ali&#x304; ibn &#x2BB;I&#x304;sa&#x301;,</marc:subfield>
         <marc:subfield code="d">d. 994.</marc:subfield>
      </marc:datafield>
      <marc:datafield tag="880" ind1="1" ind2=" ">
         <marc:subfield code="6">100-01/r</marc:subfield>
         <marc:subfield code="a">&#x62A;&#x631;&#x62C;&#x645;&#x627;&#x646;&#x60C; &#x639;&#x628;&#x627;&#x633;.</marc:subfield>
      </marc:datafield>
      <marc:datafield tag="880" ind1="1" ind2="0">
         <marc:subfield code="6">245-02/r</marc:subfield>
         <marc:subfield code="a">&#x645;&#x639;&#x627;&#x646;&#x64A; &#x62D;&#x631;&#x648;&#x641; &#x627;&#x644;&#x645;&#x639;&#x627;&#x646;&#x64A; &#x639;&#x646;&#x62F; &#x627;&#x628;&#x646; &#x647;&#x634;&#x627;&#x645; &#x648;&#x627;&#x644;&#x631;&#x645;&#x627;&#x646;&#x64A; :</marc:subfield>
         <marc:subfield code="b">&#x628;&#x62D;&#x62B; &#x645;&#x642;&#x627;&#x631;&#x646; /</marc:subfield>
         <marc:subfield code="c">&#x628;&#x642;&#x644;&#x645; &#x639;&#x628;&#x627;&#x633; &#x627;&#x644;&#x62A;&#x631;&#x62C;&#x645;&#x627;&#x646;.</marc:subfield>
      </marc:datafield>
      <marc:datafield tag="880" ind1=" " ind2=" ">
         <marc:subfield code="6">250-03/r</marc:subfield>
         <marc:subfield code="a">&#x627;&#x644;&#x637;&#x628;&#x639;&#x629; 1.</marc:subfield>
      </marc:datafield>
      <marc:datafield tag="880" ind1=" " ind2=" ">
         <marc:subfield code="6">260-04/r</marc:subfield>
         <marc:subfield code="a">&#x637;&#x647;&#x631;&#x627;&#x646; :</marc:subfield>
         <marc:subfield code="b">&#x645;&#x624;&#x633;&#x633;&#x629; &#x627;&#x644;&#x627;&#x639;&#x644;&#x645;&#x64A;&#x60C;</marc:subfield>
         <marc:subfield code="c">1404 [1983 or 1984]</marc:subfield>
      </marc:datafield>
      <marc:datafield tag="880" ind1="1" ind2="0">
         <marc:subfield code="6">600-05/r</marc:subfield>
         <marc:subfield code="a">&#x627;&#x628;&#x646; &#x647;&#x634;&#x627;&#x645;&#x60C; &#x639;&#x628;&#x62F; &#x627;&#x644;&#x644;&#x647; &#x628;&#x646; &#x64A;&#x648;&#x633;&#x641;&#x60C;</marc:subfield>
         <marc:subfield code="d">13091360.</marc:subfield>
      </marc:datafield>
      <marc:datafield tag="880" ind1="1" ind2="0">
         <marc:subfield code="6">600-06/r</marc:subfield>
         <marc:subfield code="a">&#x631;&#x645;&#x627;&#x646;&#x64A;&#x60C; &#x639;&#x644;&#x64A; &#x628;&#x646; &#x639;&#x64A;&#x633;&#x649;&#x60C;</marc:subfield>
         <marc:subfield code="d">d. 994.</marc:subfield>
      </marc:datafield>
      <marc:datafield tag="880" ind1="1" ind2=" ">
         <marc:subfield code="6">700-07/r</marc:subfield>
         <marc:subfield code="a">&#x627;&#x628;&#x646; &#x647;&#x634;&#x627;&#x645;&#x60C; &#x639;&#x628;&#x62F; &#x627;&#x644;&#x644;&#x647; &#x628;&#x646; &#x64A;&#x648;&#x633;&#x641;&#x60C;</marc:subfield>
         <marc:subfield code="d">13091360.</marc:subfield>
      </marc:datafield>
      <marc:datafield tag="880" ind1="1" ind2=" ">
         <marc:subfield code="6">700-08/r</marc:subfield>
         <marc:subfield code="a">&#x631;&#x645;&#x627;&#x646;&#x64A;&#x60C; &#x639;&#x644;&#x64A; &#x628;&#x646; &#x639;&#x64A;&#x633;&#x649;&#x60C;</marc:subfield>
         <marc:subfield code="d">d. 994.</marc:subfield>
      </marc:datafield>
      <marc:datafield tag="998" ind1=" " ind2=" ">
         <marc:subfield code="a">03/24/92</marc:subfield>
         <marc:subfield code="s">9118</marc:subfield>
         <marc:subfield code="n">NjP</marc:subfield>
         <marc:subfield code="w">NJPG88B20186</marc:subfield>
         <marc:subfield code="d">04/18/88</marc:subfield>
         <marc:subfield code="c">JEB</marc:subfield>
         <marc:subfield code="b">JEB</marc:subfield>
         <marc:subfield code="i">920324</marc:subfield>
         <marc:subfield code="l">NJPG</marc:subfield>
      </marc:datafield>
      <marc:datafield tag="911" ind1=" " ind2=" ">
         <marc:subfield code="a">19921028</marc:subfield>
      </marc:datafield>
      <marc:datafield tag="912" ind1=" " ind2=" ">
         <marc:subfield code="a">19920324000000.0</marc:subfield>
      </marc:datafield>
      <marc:datafield tag="994" ind1=" " ind2=" ">
         <marc:subfield code="a">C0</marc:subfield>
         <marc:subfield code="b">PUL</marc:subfield>
      </marc:datafield>
      <marc:datafield tag="999" ind1=" " ind2=" ">
         <marc:subfield code="a">439050</marc:subfield>
      </marc:datafield>
   </marc:record>
</marc:collection>
